@phdthesis{nanopass,
    title = {A Nanopass Framework For Commercial Compiler Development},
    author = {Keep, Andy},
    school = {Indiana University},
    year = {2012}
}
@inproceedings{Ancona:2007:RST:1297081.1297091,
 author = {Ancona, Davide and Ancona, Massimo and Cuni, Antonio and Matsakis, Nicholas D.},
 title = {RPython: A Step Towards Reconciling Dynamically and Statically Typed OO Languages},
 booktitle = {Proceedings of the 2007 Symposium on Dynamic Languages},
 series = {DLS '07},
 year = {2007},
 isbn = {978-1-59593-868-8},
 location = {Montreal, Quebec, Canada},
 pages = {53--64},
 numpages = {12},
 url = {http://doi.acm.org/10.1145/1297081.1297091},
 doi = {10.1145/1297081.1297091},
 acmid = {1297091},
 publisher = {ACM},
 address = {New York, NY, USA},
 keywords = {.NET, JVM, Python},
}
@misc{monte,
    title = {Monte: A Spiritual Successor to E},
    author = {Simpson, Corbin},
    year = {2017},
    howpublished = {\url{https://github.com/monte-language/monte-talks/blob/master/corbin-ocap17-monte.pdf}},
}
